<record><leader>00000cas a22000007a 4500</leader><controlfield tag="001">16006578</controlfield><controlfield tag="008">870619d19081958iauwr ne      0    0eng d</controlfield><datafield ind1=" " ind2=" " tag="010"><subfield code="a">sn 87057674 </subfield></datafield><datafield ind1=" " ind2=" " tag="040"><subfield code="a">INP</subfield><subfield code="b">eng</subfield><subfield code="c">INP</subfield><subfield code="d">OCLCQ</subfield></datafield><datafield ind1=" " ind2=" " tag="042"><subfield code="a">msc</subfield></datafield><datafield ind1="0" ind2=" " tag="130"><subfield code="a">Kossuth County advance (Algona, Iowa : 1908)</subfield></datafield><datafield ind1="1" ind2="0" tag="245"><subfield code="a">Kossuth County advance.</subfield></datafield><datafield ind1="1" ind2="3" tag="246"><subfield code="a">Algona Kossuth County advance</subfield></datafield><datafield ind1="1" ind2="7" tag="246"><subfield code="a">Algona (Iowa) advance</subfield></datafield><datafield ind1=" " ind2=" " tag="260"><subfield code="a">Algona, Iowa :</subfield><subfield code="b">Dewel &amp; Clark,</subfield><subfield code="c">-1958.</subfield></datafield><datafield ind1=" " ind2=" " tag="300"><subfield code="a">v.</subfield></datafield><datafield ind1=" " ind2=" " tag="310"><subfield code="a">Weekly</subfield></datafield><datafield ind1="1" ind2=" " tag="362"><subfield code="a">Began Nov. 5, 1908.</subfield></datafield><datafield ind1="0" ind2=" " tag="362"><subfield code="a">-v. 58, no. 39 (Oct. 2, 1958).</subfield></datafield><datafield ind1=" " ind2=" " tag="500"><subfield code="a">Publisher varies.</subfield></datafield><datafield ind1=" " ind2=" " tag="515"><subfield code="a">Vol. 8, no. 26 (Jan. 14, 1909) and v. 8, no. 27 (Jan. 21, 1909) misdated Jan. 14, 1908, and Jan. 21, 1908, respectively.</subfield></datafield><datafield ind1=" " ind2=" " tag="588"><subfield code="a">Description based on: Vol. 8, no. 26 (Jan. 14, 1909).</subfield></datafield><datafield ind1=" " ind2=" " tag="752"><subfield code="a">United States</subfield><subfield code="b">Iowa</subfield><subfield code="c">Kossuth</subfield><subfield code="d">Algona.</subfield></datafield><datafield ind1="0" ind2="0" tag="780"><subfield code="t">Algona advance</subfield><subfield code="w">(DLC)sn 87057673</subfield></datafield><datafield ind1="0" ind2="0" tag="785"><subfield code="t">Algona Kossuth County advance</subfield><subfield code="w">(DLC)sn 87057567</subfield></datafield></record>